@article{erik,
  title   = {Geometric Folding Algorithms, Linkages, Origami, Polyhedra},
  author  = {Erik D. Demaine, Joseph O'Rourke},
  ISBN = {9781107394094, 1107394090},
  publisher = {Cambridge University Press},
  year = {2007}
}

@article{Joseph,
  title   = {How to Fold It The Mathematics of Linkages, Origami, and Polyhedra},
  author  = {Joseph O'Rourke},
  ISBN = {9781139498548, 1139498541},
  publisher = {Cambridge University Press},
  date = {April 25, 2011}
}
