@book{demaine2007geometric,
  title={Geometric folding algorithms: linkages, origami, polyhedra},
  author={Demaine, Erik D and O'Rourke, Joseph},
  year={2007},
  publisher={Cambridge university press}
}