@article{Can,
  title   = {Can Quantum-Mechanical Description of Physical Reality Be Considered Complete?},
  author  = { Einstein, A.  and  Podolsky, B.  and  Rosen, N. },
  journal = {Phys Rev},
  volume  = {47},
  number  = {10},
  pages   = {696-702},
  year    = {1935}
}