@article{Can,
  title   = {Can Quantum-Mechanical Description of Physical Reality Be Considered Complete?},
  author  = { Einstein, A.  and  Podolsky, B.  and  Rosen, N. },
  journal = {Phys Rev},
  volume  = {47},
  number  = {10},
  pages   = {696-702},
  year    = {1935}
}

@article{闻家君2006关于,
  title={关于E^n+1中超球面特征的一些结果},
  author={闻家君 and 陈抚良 and 胡名成},
  journal={江西科学},
  volume={24},
  number={6},
  pages={400-402},
  year={2006},
}