@article{Wen,
  title   = {关于$E^{n+1}$中超球面特征的一些结果},
  author  = {闻家君  陈抚良  胡名成},
  journal = {江西科学},
  volume  = {24},
  number  = {6},
  pages   = {400-402},
  year    = {2006}
}

@article{Can,
  title   = {Can Quantum-Mechanical Description of Physical Reality Be Considered Complete?},
  author  = { Einstein, A.  and  Podolsky, B.  and  Rosen, N. },
  journal = {Phys Rev},
  volume  = {47},
  number  = {10},
  pages   = {696-702},
  year    = {1935}
}

